@book{puterman2014markov,
  title={Markov decision processes: discrete stochastic dynamic programming},
  author={Puterman, Martin L},
  year={2014},
  publisher={John Wiley \& Sons}
}

@book{lax2014functional,
  title={Functional analysis},
  author={Lax, Peter D},
  year={2014},
  publisher={John Wiley \& Sons}
}

@book{strang2022introduction,
  title={Introduction to linear algebra},
  author={Strang, Gilbert},
  year={2022},
  publisher={SIAM}
}

@book{gyorfi2002distribution,
  title={A distribution-free theory of nonparametric regression},
  author={Gy{\"o}rfi, L{\'a}szl{\'o} and Kohler, Michael and Krzy{\.z}ak, Adam and Walk, Harro},
  year={2002},
  publisher={Springer}
}

@article{kastner2023distributional,
  title={Distributional model equivalence for risk-sensitive reinforcement learning},
  author={Kastner, Tyler and Erdogdu, Murat A and Farahmand, Amir-massoud},
  journal={Advances in Neural Information Processing Systems},
  year={2023}
}

@article{grimm2021proper,
  title={Proper value equivalence},
  author={Grimm, Christopher and Barreto, Andr{\'e} and Farquhar, Greg and Silver, David and Singh, Satinder},
  journal={Advances in neural information processing systems},
  volume={34},
  pages={7773--7786},
  year={2021}
}

@inproceedings{farahmand2011actiongap,
 author = {Farahmand, Amir-massoud},
 booktitle = {Advances in Neural Information Processing Systems},
 title = {{Action-Gap Phenomenon in Reinforcement Learning}},
 year = {2011}
}

@inproceedings{farahmand2017value,
  title = 	 {{Value-Aware Loss Function for Model-based Reinforcement Learning}},
  author = 	 {Farahmand, Amir-Massoud and Barreto, Andre and Nikovski, Daniel},
  booktitle = {Proceedings of the 20th International Conference on Artificial Intelligence and Statistics},
  pages = 	 {1486--1494},
  year = 	 {2017}
}


@article{grimm2020value,
  title={The value equivalence principle for model-based reinforcement learning},
  author={Grimm, Christopher and Barreto, Andr{\'e} and Singh, Satinder and Silver, David},
  journal={Advances in neural information processing systems},
  volume={33},
  pages={5541--5552},
  year={2020}
}

@article{sondik1978optimalcontrol,
 author = {Edward J. Sondik},
 journal = {Operations Research},
 pages = {282--304},
 title = {{The Optimal Control of Partially Observable Markov Processes Over the Infinite Horizon: Discounted Costs}},
 year = {1978}
}

@article{porta2006pointbased,
  author  = {Josep M. Porta and Nikos Vlassis and Matthijs T.J. Spaan and Pascal Poupart},
  title   = {{Point-Based Value Iteration for Continuous POMDPs}},
  journal = {Journal of Machine Learning Research},
  year    = {2006},
  pages   = {2329--2367},
}

@misc{ghahramani2011bayes,
  author = {Ghahramani, Zoubin},
  title = {{Bayesian Machine Learning}},
  year = 2004,
  howpublished = {\url{https://mlg.eng.cam.ac.uk/zoubin/bayesian.html}},
}

@book{lattimore2020bandit,
  title={Bandit algorithms},
  author={Lattimore, Tor and Szepesv{\'a}ri, Csaba},
  year={2020},
  publisher={Cambridge University Press}
}

@article{ghavamzadeh2015bayesian,
  title={{Bayesian reinforcement learning: A survey}},
  author={Ghavamzadeh, Mohammad and Mannor, Shie and Pineau, Joelle and Tamar, Aviv and others},
  journal={Foundations and Trends{\textregistered} in Machine Learning},
  volume={8},
  number={5-6},
  pages={359--483},
  year={2015},
  publisher={Now Publishers, Inc.}
}