@article{sondik1978optimalcontrol,
 author = {Edward J. Sondik},
 journal = {Operations Research},
 pages = {282--304},
 title = {{The Optimal Control of Partially Observable Markov Processes Over the Infinite Horizon: Discounted Costs}},
 year = {1978}
}

@article{porta2006pointbased,
  author  = {Josep M. Porta and Nikos Vlassis and Matthijs T.J. Spaan and Pascal Poupart},
  title   = {{Point-Based Value Iteration for Continuous POMDPs}},
  journal = {Journal of Machine Learning Research},
  year    = {2006},
  pages   = {2329--2367},
}

@misc{ghahramani2011bayes,
  author = {Ghahramani, Zoubin},
  title = {{Bayesian Machine Learning}},
  year = 2004,
  howpublished = {\url{https://mlg.eng.cam.ac.uk/zoubin/bayesian.html}},
}

@book{lattimore2020bandit,
  title={Bandit algorithms},
  author={Lattimore, Tor and Szepesv{\'a}ri, Csaba},
  year={2020},
  publisher={Cambridge University Press}
}

@article{ghavamzadeh2015bayesian,
  title={{Bayesian reinforcement learning: A survey}},
  author={Ghavamzadeh, Mohammad and Mannor, Shie and Pineau, Joelle and Tamar, Aviv and others},
  journal={Foundations and Trends{\textregistered} in Machine Learning},
  volume={8},
  number={5-6},
  pages={359--483},
  year={2015},
  publisher={Now Publishers, Inc.}
}